<record><leader>00000cas a22000007a 4500</leader><controlfield tag="001">14878455</controlfield><controlfield tag="008">861126d18921979wiuwr ne      0    0eng d</controlfield><datafield ind1=" " ind2=" " tag="010"><subfield code="a">sn 86086813 </subfield></datafield><datafield ind1=" " ind2=" " tag="040"><subfield code="a">NPV</subfield><subfield code="b">eng</subfield><subfield code="c">NPV</subfield><subfield code="d">OCLCQ</subfield></datafield><datafield ind1=" " ind2=" " tag="042"><subfield code="a">msc</subfield></datafield><datafield ind1="0" ind2="0" tag="245"><subfield code="a">Juneau County chronicle.</subfield></datafield><datafield ind1="3" ind2="0" tag="246"><subfield code="a">Juneau Co. chronicle</subfield></datafield><datafield ind1="1" ind2="3" tag="246"><subfield code="a">Elroy chronicle</subfield></datafield><datafield ind1=" " ind2=" " tag="260"><subfield code="a">Elroy, Wis. :</subfield><subfield code="b">M.S. Parker,</subfield><subfield code="c">1892-1979.</subfield></datafield><datafield ind1=" " ind2=" " tag="300"><subfield code="a">v.</subfield></datafield><datafield ind1=" " ind2=" " tag="310"><subfield code="a">Weekly</subfield></datafield><datafield ind1="0" ind2=" " tag="362"><subfield code="a">Vol. 3, no. 39 (Dec. 7, 1892)-v. 91, no. 53 (Dec. 31, 1979).</subfield></datafield><datafield ind1=" " ind2=" " tag="500"><subfield code="a">Published in Mauston, Wis. from Dec. 14, 1892-Dec. 31, 1979.</subfield></datafield><datafield ind1=" " ind2=" " tag="500"><subfield code="a">Publisher varies.</subfield></datafield><datafield ind1=" " ind2=" " tag="580"><subfield code="a">Merged with: Mauston star (Mauston, Wis. : 1891), and New Lisbon times and Juneau County argus, to form: Juneau County star-times.</subfield></datafield><datafield ind1=" " ind2=" " tag="752"><subfield code="a">United States</subfield><subfield code="b">Wisconsin</subfield><subfield code="c">Juneau</subfield><subfield code="d">Elroy.</subfield></datafield><datafield ind1=" " ind2=" " tag="752"><subfield code="a">United States</subfield><subfield code="b">Wisconsin</subfield><subfield code="c">Juneau</subfield><subfield code="d">Mauston.</subfield></datafield><datafield ind1="0" ind2="0" tag="780"><subfield code="t">Elroy chronicle</subfield><subfield code="w">(DLC)sn 86086812</subfield></datafield><datafield ind1="1" ind2="7" tag="785"><subfield code="t">New Lisbon times and Juneau County argus</subfield><subfield code="w">(DLC)sn 86086737</subfield></datafield><datafield ind1="1" ind2="7" tag="785"><subfield code="t">Mauston star (Mauston, Wis. : 1891)</subfield><subfield code="w">(DLC)sn 86086738</subfield></datafield><datafield ind1="1" ind2="7" tag="785"><subfield code="t">Juneau County star-times</subfield><subfield code="w">(DLC)sn 86086741</subfield></datafield></record>